<?xml version="1.0" encoding="UTF-8"?><collection xmlns="http://www.loc.gov/MARC21/slim"><record><leader>00572nam--2200133-i-4500</leader><controlfield tag="001">000040556</controlfield><controlfield tag="002">20161230</controlfield><controlfield tag="005">20161230201042</controlfield><controlfield tag="008">060222s1000------------r-----000-0-eng-d</controlfield><datafield ind1=" " ind2=" " tag="080"><subfield code="a">061.3:577.3:539.12.04</subfield></datafield><datafield ind1=" " ind2=" " tag="100"><subfield code="a">Scheel, H</subfield></datafield><datafield ind1=" " ind2=" " tag="245"><subfield code="a">Aspekte der reaktorsicherheit, des strahlenund umwelt-schutzes sowie des kernmaterialkontrolle auf der 4. internationalen konferenz uber die friedliche anwendung der atomenergie vom 6.bis 16. sept.1971 in genf und konig, w.: zweiter kongress in ..</subfield></datafield><datafield ind1=" " ind2=" " tag="260"><subfield code="a">Berlin, Staatliche Zentrale Fur Strahlenschutz, 1972, 18p</subfield></datafield><datafield ind1=" " ind2=" " tag="852"><subfield code="a">5236</subfield></datafield></record></collection>